@manual{pre,
    title =	"Eco-Indicator 99 Manual for Designers: A Damage Oriented Method for Life Cycle Impact Assessment",
    institution = "Ministry of Housing, Spatial Planning and the Environment",
    address =	  "The Hague, Netherlands",
    url =	  "www.pre-sustainability.com/download/EI99_Manual.pdf",
    year =	  "2000",
}

@standard{14040,
    title =	"Environmental Management: Life Cycle Assessment: Principles and Framework",
    institution = "International Organization for Standardization",
    number =      "14040",
    year =	  "2006",
    url =	  "www.iso.org/iso/catalogue_detail?csnumber=37456",
}

@standard{14044,
    title =	"Environmental Management: Life Cycle Assessment: Requirements and Guidelines",
    institution = "International Organization for Standardization",
    number =      "14044",
    year =	  "2006",
    url =	  "www.iso.org/iso/catalogue_detail?csnumber=38498",
}

@book{blonk,
    author =	"T.J. Blonk and R. Spriensma and M.J. Goedkoop and A. Agterberg B. van Engelenburg and K. Blok",
    title =	"Drie Referentieniveau's voor Normalisatie in {LCA} [Three Reference Levels for Normalization in {LCA}]",
    publisher = "RIZA",
    address =	"Lelystad, Netherlands",
    year =	"1997",
}

@standard{epa,
    title =	  "Personal Computer Configuration and Management Standard",
    institution = "EPA Information Standards",
    number =      "CIO 2122-S-02.0",
    year =	  "2005",
    url = "www.epa.gov/sites/production/files/2013-11/documents/percom.pdf",
}

@article{cluster,
    author =	"E.N. Elnozahy and Michael Kistler and Ramakrishnan Rajamony",
    title =	"Energy-Efficient Server Clusters",
    journal =	"Power-Aware Computer Systems",
    pages =	"179-197",
    month =	"February",
    year =	"2002",
    doi =	"10.1007/3-540-36612-1_12",
}

@misc{desktop2,
    title =	"Environmental Comparison of the Relevance of {PC} and Thin Client Desktop Equipment for the Climate, 2008",
    author =	"Heiko Gloge",
    institution = "Fraunhofer Institute for Environmental, Safety and Energy Technology",
    address =	"Munich, Germany",
    year =	"2008",
    url =	"www.igel.com/fileadmin/user/upload/documents/TCecology2008_en.pdf",
}

@misc{client,
    title = "Thin Clients 2011: Ecological and Economical Aspects of Virtual Desktops",
    author =	  "Heiko Gloge",
    institution = "Fraunhofer Institute for Environmental, Safety and Energy Technology",
    address =	  "Munich, Germany",
    year =	  "2011",
    url = "www.igel.com/fileadmin/user/upload/documents/PDF_files/White_Paper_EN/thinclients2011-en.pdf",
}

@manual{pre-annex,
    title = "The Eco-Indicator 99: A Damage Oriented Method for Life Cycle Impact Assessment",
    author =	  "Mark Goedkoop and Renilde Spriensma",
    institution = "PR\'{e} Consultants B.V.",
    address =	  "Amersfoort, Netherlands",
    year =	  "2001",
    url =	"www.pre-sustainability.com/download/EI99_annexe_v3.pdf",
}

@book{lca,
    title="Handbook on Life Cycle Assessment",
    author="Jeroen B. Guin\'{e}e and Marieke Gorr\'{e}e and Reinout Heijungs and            Gjalt Huppes and Ren\'{e} Kleijn and Arjan de Konig and Lauran van
            Oers and Anneke Wegener Sleeswijk and Sangwon Suh and Helias A. Udo
            de Haes and Hans de Bruijn and Robbert van Duin and Mark A. J.
            Huijbregts",
    year="2004",
    publisher="Kluwer Academic Publishers",
    address="New York, NY, USA",
}

@book{ozone,
    author =	"Michael Z. Hauschild and Henrik Wenzel",
    title =	"Environmental Assessment of Products Volume 2: Scientific Background",
    year =	"1998",
    publisher =	"Springer US",
    address =	"New York, NY, USA",
}


@article{triangle,
    author =	"Patrick Hofstetter and Arthur Braunschweig and Thomas Mettier
                 and Ruedi M{\"u}ller-Wenk and Olaf Tietje",
    title =	"The Mixing Triangle: Correlation and Graphical Decision Support for {LCA}-Based Comparisons",
    journal =	"Journal of Industrial Ecology",
    volume =	"3",
    number =	"4",
    month =	"October",
    year =	"2000",
    doi =	"10.1162/108819899569584",
    pages =	"97--115",
	url = "http://onlinelibrary.wiley.com/doi/10.1162/108819899569584/pdf",
}

@book{lcia,
    author =	"Patrick Hofstetter",
    title =	"Perspectives in Life Cycle Impact Assessment: A Structured Approach to Combine Models of the Technosphere, Ecosphere and Valueshpere",
    publisher =	"Springer US",
    address =	"New York, NY, USA",
    year =	1998,
}

@misc{mds,
    title =	"Hosted {EHR} vs. Server Based",
    institution =	"MDS Medical",
    address =	"Phoenix, AZ",
    url = "www.mdsmedicalsoftware.com/resources/hosted-ehr-vs-onsite-server/",
}

@misc{desktop,
    title = "Lot 3 Personal Computers (Desktops and Laptops) and Computer Monitors",
    author =	  "Anna Karin J{\"o}nbrink",
    institution = "IVF Industrial Research and Development Corporation",
    address =	  "Gothenburg, Sweden",
    year =	  "2007",
    url = "extra.ivf.se/ecocomputer/downloads/Eup\%20Lot\%203\%20Final\%20Report\%20070913\%20published.pdf",
}

@manual{meeup,
    title =	"{MEEUP} Methodology Report",
    author =	"Ren\'{e} Kemma and Martin van Elburg and William Li and Rob van Holsteijn",
    institution = "Van Holsteijn en Kemma BV",
    address =	  "Delft, Netherlands",
    year =	  "2005",
    month =	  "November",
    url =	  "www.vhknet.com/download/MEEUP_Methodology_fin.pdf",
}

@article{maga,
    author =	"Daniel Maga and Markus Hiebel and Christian Knermann",
    title =	"Comparison of Two {ICT} Solutions: Desktop {PC} Versus Thin Client Computing",
    journal =	"The International Journal of Life Cycle Assessment",
    volume =	"18",
    number =	"4",
    month =	"May",
    year =	"2013",
    pages =	"861-871",
    doi =	"10.1007/s11367-012-0499-3",
    url = "http://link.springer.com/content/pdf/10.1007%2Fs11367-012-0499-3.pdf",
}

@book{textbook,
    title =	"Life Cycle Assessment: Quantitative Approaches for Decisions That Matter",
    author =	"H. Scott Matthews and Chris T. Hendrickson and Deanna H. Matthews",
    year =	"2015",
    publisher =	"LCAtextbook.com",
    url =	"www.lcatextbook.com",
}

@article{battery,
    author =	"Dong-il Ra and Kyoo-Seung Han",
    title =	"Used Lithium Ion Rechargeable Battery Recycling Using {Etoile}-{Rebatt} Technology",
    journal =	"Journal of Power Sources",
    volume =	"163",
    number =	"1",
    month =	"December",
    year =	"2006",
    pages =	"284-288",
    doi =	"10.1016/j.jpowsour.2006.05.040",
}

@techreport{cfl,
    author =	"Laurie Ramroth",
    title =	"Comparison of Life-Cycle Analyses of Compact Fluorescent and Incandescent Lamps Based on Rated Life of Compact Fluorescent Lamp",
    month =	"February",
    year =	"2008",
	institution = "Rocky Mountain Institute",
	address = "Basalt, CO, USA",
	number = "C08-12",
    url =	"c.ymcdn.com/sites/www.productstewardship.us/resource/resmgr/imported/RMI_CFLvincad.pdf",
}

@misc{un,
    title =	  "Resolution Adopted by the {General} {Assembly}",
    institution = "United Nations General Assembly 60th Session",
    year =	  "2005",
    url = "data.unaids.org/Topics/UniversalAccess/worldsummitoutcome_resolution_24oct2005_en.pdf",
}

@article{climate1,
    author =	"Richard S. J. Tol",
    title =	"Estimates of the Damage Costs of Climate Change Part 1: Benchmark Estimates",
    journal =	"Environmental and Resource Economics",
    volume =	21,
    number =	1,
    month =	"January",
    year =	2002,
    pages =	"47-73",
    doi =	"10.1023/A:1014500930521",
}

@article{climate2,
    author =	"Richard S. J. Tol",
    title =	"Estimates of the Damage Costs of Climate Change Part 2: Dynamic Estimates",
    journal =	"Environmental and Resource Economics",
    volume =	21,
    number =	2,
    month =	"February",
    year =	2002,
    pages =	"135-160",
    doi =	"10.1023/A:1014539414591",
}

@article{solar,
    author =	"Theocharis Tsoutsos and Niki Frantzeskaki and Vassilis Gekas",
    title =	"Environmental Impacts from the Solar Energy Technologies",
    journal =	"Energy Policy",
    volume =	"33",
    number =	"3",
    month =	"February",
    year =	"2005",
    pages =	"289-296",
    doi =	"10.1016/S0301-4215(03)00241-6",
}

@manual{database,
    title =	"{U.S.} {LCI} Database Project: User's Guide",
    institution =	"National Renewable Energy Laboratory, USA",
    address =	"Golden, CO",
    year =	"2004",
    url =	"www.nrel.gov/lci/pdfs/users_guide.pdf",
}

@misc{hrsa,
    title = "What are the Disadvantages and Advantages of ASP vs. Locally Hosted?",
    institution = "HRSA",
    address =     "Rockville, MD",
    url = "www.hrsa.gov/healthit/toolbox/RuralHealthITtoolbox/Selection/aspvslocallyhosted.html",
}

@article{euses,
    author =	"T.G. Vermeire and D.T. Jager and B. Busian and J. Devillers and K. den Haan and B. Hansen and I. Lundberg and H. Niessen and S. Robertson and H. Tyle and P.T.J. van der Zandt",
    title =	"European {Union} System for the Evaluation of Substances ({EUSES}). Principles and Structure",
    journal =	"Chemosphere",
    volume =	34,
    number =	8,
    month =	"April",
    year =	1997,
    pages =	"1823-1836",
    doi =	"10.1016/S0045-6535(97)00017-9",
}

@misc{openlca,
    url = "www.openlca.org"
}

@article{hermann,
  author = "I.T. Hermann and A. Moltesen",
  title = "Does it matter which {Life} {Cycle} {Assessment} ({LCA}) tool you choose? -- a comparative assessment of {SimaPro} and {GaBi}",
  journal = "Journal of Cleaner Production",
  volume = "86",
  month = "January",
  year = "2015",
  pages = "163-169",
  doi = "10.1016/j.jclepro.2014.08.004"
}

@manual{gabi,
  author = "M. Baitz and C.M. ColodeAl and T. Kupfer and J. Florin and O. Schuller and F. Hassel and M. Kokborg and A. K{\"o}hler and D. Thylmann and A. Stoffregen and S. Sch{\"o}ll and J. G{\"o}rke and M. Rudolf and M. Gonzalez",
  title = "{GaBi} Database \& Modelling Principles 2016",
  institution = "thinkstep",
  address = "Leinfelden-Echterdingen, Germany",
  year = "2016",
  month = "January",
  url = "www.gabi-software.com/uploads/media/GaBi_Modelling_Principles_2016.pdf"
}

@manual{simapro,
  author = "M. Goedkoop and M. Oele and J. Leijting and T. Ponsioen and E. Meijer",
  title = "Introduction to {LCA} with {SimaPro}",
  institution = "PR\'{e}",
  address = "Amersfoort, Netherlands",
  year = "2013",
  month = "November",
}

@IEEEtranBSTCTL{IEEEexample:BSTcontrol,
    CTLuse_forced_etal = "yes",
    CTLmax_names_forced_etal = "6",
    CTLnames_show_etal = "1",
    CTLdash_repeated_names = "no",
}
